

@article{albmap,
  title={{An improved Antarctic dataset for high resolution numerical ice sheet models (ALBMAP v1).}},
  author={Le Brocq, Anne M and Payne, Antony J and Vieli, Andreas},
  journal={Earth system science data.},
  volume={2},
  number={2},
  pages={247--260},
  year={2010},
  publisher={Copernicus Publications}
}

@ARTICLE{alley2000,
   author = {{Alley}, R.~B.},
    title = "{Ice-core evidence of abrupt climate changes}",
  journal = {Proceedings of the National Academy of Science},
     year = 2000,
    month = feb,
   volume = 97,
    pages = {1331-1334},
      doi = {10.1073/pnas.97.4.1331},
   adsurl = {http://adsabs.harvard.edu/abs/2000PNAS...97.1331A},
  adsnote = {Provided by the SAO/NASA Astrophysics Data System}
}

@article{arthern2006,
  title={{Antarctic snow accumulation mapped using polarization of 4.3-cm wavelength microwave emission}},
  author={Arthern, Robert J and Winebrenner, Dale P and Vaughan, David G},
  journal={Journal of Geophysical Research: Atmospheres},
  volume={111},
  number={D6},
  year={2006},
  publisher={Wiley Online Library}
}

@article{bamber2001,
  title={{A new ice thickness and bed data set for the Greenland ice sheet 1. Measurement, data reduction, and errors}},
  author={Bamber, Jonathan L and Layberry, Russell L and Gogineni, SP},
  journal={Journal of Geophysical Research},
  volume={106},
  number={D24},
  pages={33773--33},
  year={2001},
  publisher={American Geophysical Union}
}

@article{bamber2009a,
  title={{Reassessment of the potential sea-level rise from a collapse of the West Antarctic Ice Sheet}},
  author={Bamber, Jonathan L and Riva, Riccardo EM and Vermeersen, Bert LA and LeBrocq, Anne M},
  journal={Science},
  volume={324},
  number={5929},
  pages={901--903},
  year={2009},
  publisher={American Association for the Advancement of Science}
}

@article{bamber2009b,
  title={{A new 1 km digital elevation model of the Antarctic derived from combined satellite radar and laser data--Part 1: Data and methods}},
  author={Bamber, JL and Gomez-Dans, JL and Griggs, JA},
  journal={The Cryosphere},
  volume={3},
  number={1},
  pages={101--111},
  year={2009},
  publisher={Copernicus GmbH}
}

@article{bedmap2,
  title={{Bedmap2: improved ice bed, surface and thickness datasets for Antarctica}},
  author={Fretwell, Peter and Pritchard, HD and Vaughan, DG and Bamber, JL and Barrand, NE and Bell, R and Bianchi, C and Bingham, RG and Blankenship, DD and Casassa, G and others},
  journal={The Cryosphere Discussions},
  volume={6},
  pages={4305--4361},
  year={2012}
}

@ARTICLE{bender2006,
   author = {{Bender}, M.~L. and {Floch}, G. and {Chappellaz}, J. and {Suwa}, M. and 
	{Barnola}, J.-M. and {Blunier}, T. and {Dreyfus}, G. and {Jouzel}, J. and 
	{Parrenin}, F.},
    title = "{Gas age-ice age differences and the chronology of the Vostok ice core, 0-100 ka}",
  journal = {Journal of Geophysical Research (Atmospheres)},
 keywords = {Paleoceanography: Ice cores (0724), Geochronology: Quaternary geochronology, Geochronology: Correlative geochronology},
     year = 2006,
    month = nov,
   volume = 111,
      eid = {D21115},
    pages = {21115},
      doi = {10.1029/2005JD006488},
   adsurl = {http://adsabs.harvard.edu/abs/2006JGRD..11121115B},
  adsnote = {Provided by the SAO/NASA Astrophysics Data System}
}

@article{bindoff2007,
  title={{Observations: oceanic climate change and sea level}},
  author={Bindoff, Nathaniel L and Willebrand, J{\"u}rgen and Artale, Vincenzo and Cazenave, Anny and Gregory, Jonathan M and Gulev, Sergey and Hanawa, Kimio and Le Qu{\'e}r{\'e}, Corrine and Levitus, Sydney and Nojiri, Yukihiro and others},
  year={2007}
}

@article{bindschadler1997,
  title={{Surface velocity and strain rates at the onset of ice stream D, West Antarctica}},
  author={Bindschadler, RA and Chen, X. and Vornberger, PL},
  journal={Antarctic Journal of the United States},
  volume={32},
  number={5},
  pages={41--43},
  year={1997}
}

@article{bindschadler2013,
  title={{Ice-sheet model sensitivities to environmental forcing and their use in projecting future sea level (the SeaRISE project)}},
  author={Bindschadler, Robert A and Nowicki, Sophie and Abe-Ouchi, Ayako and Aschwanden, Andy and Choi, Hyeungu and Fastook, Jim and Granzow, Glen and Greve, Ralf and Gutowski, Gail and Herzfeld, Ute and others},
  journal={Journal of Glaciology},
  volume={59},
  number={214},
  pages={195--224},
  year={2013},
  publisher={International Glaciological Society}
}

@article{bintanja2008,
  title={{North American ice-sheet dynamics and the onset of 100,000-year glacial cycles}},
  author={Bintanja, R and Van de Wal, RSW},
  journal={Nature},
  volume={454},
  number={7206},
  pages={869--872},
  year={2008},
  publisher={Nature Publishing Group}
}

@article{blankenship1993,
  title={{Active volcanism beneath the West Antarctic ice sheet and implications for ice-sheet stability}},
  author={Blankenship, Donald D and Bell, Robin E and Hodge, Steven M and Brozena, John M and Behrendt, John C and Finn, Carol A},
  journal={Nature},
  volume={361},
  number={6412},
  pages={526--529},
  year={1993},
  publisher={Nature Publishing Group}
}

@article{blankenship2001,
  title={{Geologic controls on the initiation of rapid basal motion for West Antarctic ice streams: A geophysical perspective including new airborne radar sounding and laser altimetry results}},
  author={Blankenship, DD and Morse, DL and Finn, CA and Bell, RE and Peters, ME and Kempf, SD and Hodge, SM and Studinger, M and Behrendt, John C and Brozena, JM},
  journal={The West Antarctic Ice Sheet: Behavior and Environment},
  pages={105--121},
  year={2001},
  publisher={Wiley Online Library}
}

@ARTICLE{blunier1998,
   author = {{Blunier}, T. and {Chappellaz}, J. and {Schwander}, J. and {D{\"a}llenbach}, A. and 
	{Stauffer}, B. and {Stocker}, T.~F. and {Raynaud}, D. and {Jouzel}, J. and 
	{Clausen}, H.~B. and {Hammer}, C.~U. and {Johnsen}, S.~J.},
    title = "{Asynchrony of Antarctic and Greenland climate change during the last glacial period}",
  journal = {Nature},
     year = 1998,
    month = aug,
   volume = 394,
    pages = {739-743},
      doi = {10.1038/29447},
   adsurl = {http://adsabs.harvard.edu/abs/1998Natur.394..739B},
  adsnote = {Provided by the SAO/NASA Astrophysics Data System}
}

@article{blunier2001,
author = {Blunier, Thomas and Brook, Edward J.}, 
title = {{Timing of Millennial-Scale Climate Change in Antarctica and Greenland During the Last Glacial Period}},
volume = {291}, 
number = {5501}, 
pages = {109-112}, 
year = {2001}, 
doi = {10.1126/science.291.5501.109}, 
abstract ={A precise relative chronology for Greenland and West Antarctic paleotemperature is extended to 90,000 years ago, based on correlation of atmospheric methane records from the Greenland Ice Sheet Project 2 and Byrd ice cores. Over this period, the onset of seven major millennial-scale warmings in Antarctica preceded the onset of Greenland warmings by 1500 to 3000 years. In general, Antarctic temperatures increased gradually while Greenland temperatures were decreasing or constant, and the termination of Antarctic warming was apparently coincident with the onset of rapid warming in Greenland. This pattern provides further evidence for the operation of a “bipolar see-saw” in air temperatures and an oceanic teleconnection between the hemispheres on millennial time scales.}, 
URL = {http://www.sciencemag.org/content/291/5501/109.abstract}, 
eprint = {http://www.sciencemag.org/content/291/5501/109.full.pdf}, 
journal = {Science} 
}

@article{box2006,
  title={Greenland Ice Sheet Surface Mass Balance Variability (1988-2004) from Calibrated Polar MM5 Output*},
  author={Box, Jason E and Bromwich, David H and Veenhuis, Bruce A and Bai, Le-Sheng and Stroeve, Julienne C and Rogers, Jeffrey C and Steffen, Konrad and Haran, T and Wang, Sheng-Hung},
  journal={Journal of Climate},
  volume={19},
  number={12},
  pages={2783--2800},
  year={2006}
}

@incollection{braithwaiteoleson1989,
  title={{Calculation of glacier ablation from air temperature, West Greenland}},
  author={Braithwaite, Roger J and Olesen, Ole B},
  booktitle={Glacier fluctuations and climatic change},
  pages={219--233},
  year={1989},
  publisher={Springer}
}

@article{breton2009,
  title={{Design, optimization and calibration of an automated density gauge for firn and ice cores}},
  author={Breton, Daniel J and Hamilton, Gordon S and Hess, CT},
  journal={Journal of Glaciology},
  volume={55},
  number={194},
  pages={1092--1100},
  year={2009},
  publisher={International Glaciological Society}
}

@article{brinkerhoff2013,
  title={{Final author response for: Data assimilation and prognostic whole ice-sheet modelling with the variationally derived, higher-order, open source, and fully parallel ice sheet model VarGlaS}},
  author={Brinkerhoff, Douglas J and Johnson, Jesse V},
  year={2013}
}

@article{buizert2014,
AUTHOR = {Buizert, C. and Cuffey, K. M. and Severinghaus, J. P. and Baggenstos, D. and Fudge, T. J. and Steig, E. J. and Markle, B. R. and Winstrup, M. and Rhodes, R. H. and Brook, E. J. and Sowers, T. A. and Clow, G. D. and Cheng, H. and Edwards, R. L. and Sigl, M. and McConnell, J. R. and Taylor, K. C.},
TITLE = {{The WAIS-Divide deep ice core WD2014 chronology; Part 2: Methane synchronization (68--31 ka BP) and the gas age-ice age difference}},
JOURNAL = {Climate of the Past Discussions},
VOLUME = {10},
YEAR = {2014},
NUMBER = {4},
PAGES = {3537--3584},
URL = {http://www.clim-past-discuss.net/10/3537/2014/},
DOI = {10.5194/cpd-10-3537-2014}
}

@article{buizert2015,
  title={{The WAIS Divide deep ice core WD2014 chronology--Part 1: Methane synchronization (68--31 ka BP) and the gas age--ice age difference}},
  author={Buizert, C and Cuffey, KM and Severinghaus, JP and Baggenstos, D and Fudge, TJ and Steig, EJ and Markle, BR and Winstrup, M and Rhodes, RH and Brook, EJ and others},
  journal={Climate of the Past},
  volume={11},
  number={2},
  pages={153--173},
  year={2015},
  publisher={Copernicus GmbH}
}

%lapse rate
@article{cameron1961,
  title={Glaciological studies at Wilkes Station, Budd Coast, Antarctica, in, Antarctic Snow and Ice Studies},
  author={Cameron, RL},
  journal={Antarct. Res. Ser},
  volume={2},
  pages={1--36},
  year={1961}
}
@article{cavitte2013a,
  title={{Radar stratigraphy connecting Lake Vostok and Dome C, East Antarctica, constrains the EPICA/DMC ice core time scale}},
  author={Cavitte, MGP and Blankenship, DD and Young, DA and Siegert, MJ and Le Meur, E},
  journal={The Cryosphere Discussions},
  volume={7},
  pages={321--342},
  year={2013a}
}

@ARTICLE{cavitte2013b,
   author = {{Cavitte}, M.~G. and {Blankenship}, D.~D. and {Johnson}, J.~V. and 
  {Young}, D.~A. and {Carter}, S.~P. and {Gutowski}, G. and {Siegert}, M.~J. and 
  {Jackson}, C.~S.},
    title = "{Constraints on transient fast flow at South Pole in the last glacial cycle}",
  journal = {AGU Fall Meeting Abstracts},
 keywords = {0730 CRYOSPHERE Ice streams, 0758 CRYOSPHERE Remote sensing, 0798 CRYOSPHERE Modeling, 0774 CRYOSPHERE Dynamics},
     year = {2013b},
    month = dec,
    pages = {A514},
   adsurl = {http://adsabs.harvard.edu/abs/2013AGUFM.C51A0514C},
  adsnote = {Provided by the SAO/NASA Astrophysics Data System}
}

@article{cavitte2016,
  title={{Deep radiostratigraphy of the East Antarctic plateau: connecting the Dome C and Vostok ice core sites}},
  author={Cavitte, Marie GP and Blankenship, Donald D and Young, Duncan A and Schroeder, Dustin M and Parrenin, Frederic and Lemeur, Emmanuel and Macgregor, Joseph A and Siegert, Martin J},
  journal={Journal of Glaciology},
  volume={62},
  number={232},
  pages={323--334},
  year={2016},
  publisher={Cambridge Univ Press}
}

@article{cornford2013,
author = {Cornford, Stephen L and Martin, Daniel F and Graves, Daniel T and Ranken, Douglas F and Le Brocq, Anne M and Gladstone, Rupert M and Payne, Antony J and Ng, Esmond G and Lipscomb, William H.},
title = {{Adaptive mesh, finite volume modeling of marine ice sheets}},
journal = {Journal of Computational Physics},
volume = {232},
number = {1},
month = jan,
year = {2013},
pages = {529--549},
publisher = {Academic Press Professional, Inc.},
address = {San Diego, CA, USA},
}

@article{cornford2016,
author = {Cornford, S L and Martin, D F and Lee, V and Payne, A J},
title = {{Adaptive mesh refinement versus subgrid friction interpolation in simulations of Antarctic ice dynamics}},
journal = {Annals of Glaciology},
volume = {57},
number = {73},
doi = {10.1017/aog.2016.13},
year = {2016}
}

@article{cresis2010,
author={CReSIS},
title={Jakobshavn glacier elevation data},
year={2010},
journal={Center for Remote Sensing of Ice Sheets Technical Report}
}

@book{cuffey2010,
  title={{The Physics of Glaciers}},
  author={Cuffey, Kurt M and Paterson, William Stanley Bryce},
  year={2010},
  publisher={Academic Press}
}

@article{dalrymple2012,
  title={{Sea-Level Rise for the Coasts of California, Oregon, and Washington: Past, Present, and Future}},
  chapter={Contributions to Global Sea-Level Rise},
  author={Dalrymple, Robert A and Breaker, LC and Brooks, BA and Cayan, DR and Griggs, GB and Han, W and Horton, BP and Hulbe, CL and McWilliams, JC and Mote, PW and others},
  journal={National Research, Council The National Academies Press, Washington DC},
  year={2012}
}

@ARTICLE{dansgaardjohnsen1969,
   author = {{Dansgaard}, W. and {Johnsen}, S.~J.},
    title = "{A flow model and a time scale for the ice core from Camp Century, Greenland}",
  journal = {Journal of Glaciology},
     year = 1969,
    month = jun,
   volume = 8,
    pages = {215-223},
   adsurl = {http://adsabs.harvard.edu/abs/1969JGlac...8..215D},
  adsnote = {Provided by the SAO/NASA Astrophysics Data System}
}

@article{deconto2016,
  title={{Contribution of Antarctica to past and future sea-level rise}},
  author={DeConto, Robert M and Pollard, David},
  journal={Nature},
  volume={531},
  number={7596},
  pages={591},
  year={2016},
  publisher={Nature Publishing Group}
}

@article{deser2006,
  title={{Tropical} Pacific and Atlantic climate variability in CCSM3},
  author={Deser, Clara and Capotondi, Antonietta and Saravanan, R and Phillips, Adam S},
  journal={Journal of Climate},
  volume={19},
  number={11},
  pages={2451--2481},
  year={2006}
}

@article{dowdeswell2004,
  title={{Investigations of the form and flow of ice sheets and glaciers using radio-echo sounding}},
  author={Dowdeswell, Julian A and Evans, Stanley},
  journal={Reports on Progress in Physics},
  volume={67},
  number={10},
  pages={1821},
  year={2004},
  publisher={IOP Publishing}
}

@article{dunbar2008,
  title={{Physical setting and tephrochronology of the summit caldera ice record at Mount Moulton, West Antarctica}},
  author={Dunbar, Nelia W and McIntosh, William C and Esser, Richard P},
  journal={Geological Society of America Bulletin},
  volume={120},
  number={7-8},
  pages={796--812},
  year={2008},
  publisher={Geological Society of America}
}

@article{dutton2012,
  title={{Ice volume and sea level during the last interglacial}},
  author={Dutton, Andrea and Lambeck, Kurt},
  journal={Science},
  volume={337},
  number={6091},
  pages={216--219},
  year={2012},
  publisher={American Association for the Advancement of Science}
}

@ARTICLE{eisen2004,
   author = {{Eisen}, O. and {Nixdorf}, U. and {Wilhelms}, F. and {Miller}, H.
	},
    title = "{Age estimates of isochronous reflection horizons by combining ice core, survey, and synthetic radar data}",
  journal = {Journal of Geophysical Research (Solid Earth)},
 keywords = {Electromagnetics: Wave propagation (4275), Electromagnetics: Numerical methods, Hydrology: Glaciology (1863), Hydrology: Snow and ice (1827), Information Related to Geographic Region: Antarctica},
     year = 2004,
    month = apr,
   volume = 109,
      eid = {B04106},
    pages = {4106},
      doi = {10.1029/2003JB002858},
   adsurl = {http://adsabs.harvard.edu/abs/2004JGRB..10904106E},
  adsnote = {Provided by the SAO/NASA Astrophysics Data System}
}

@article{ettema2009,
  title={{Higher surface mass balance of the Greenland ice sheet revealed by high-resolution climate modeling}},
  author={Ettema, Janneke and van den Broeke, Michiel R and van Meijgaard, Erik and van de Berg, Willem Jan and Bamber, Jonathan L and Box, Jason E and Bales, Roger C},
  journal={Geophysical Research Letters},
  volume={36},
  number={12},
  year={2009}
}

@article{fettweis2012,
  title={{Estimating Greenland ice sheet surface mass balance contribution to future sea level rise using the regional atmospheric climate model MAR}},
  author={Fettweis, Xavier and Franco, Bruno and Tedesco, M and van Angelen, J and Lenaerts, Jan and van den Broeke, M and Gall{\'e}e, H},
  journal={Cryosphere Discussions (The)},
  volume={6},
  year={2012},
  publisher={Copernicus}
}

@article{fogwill2014,
  title={{Testing the sensitivity of the East Antarctic Ice Sheet to Southern Ocean dynamics: past changes and future implications}},
  author={Fogwill, Christopher J and Turney, Christian SM and Meissner, Katrin J and Golledge, Nicholas R and Spence, Paul and Roberts, Jason L and England, Mathew H and Jones, Richard T and Carter, Lionel},
  journal={Journal of Quaternary Science},
  volume={29},
  number={1},
  pages={91--98},
  year={2014},
  publisher={Wiley Online Library}
}

@inproceedings{fudge2012,
  title={{A 62 ka record from the WAIS Divide ice core with annual resolution to 30 ka (so far)}},
  author={Fudge, TJ and Taylor, K and McGwire, K and Brook, E and Sowers, T and Steig, E and White, J and Vaughn, B and Bay, R and McConnell, J and others},
  booktitle={EGU General Assembly Conference Abstracts},
  volume={14},
  pages={3633},
  year={2012}
}

@article{fujita1999,
  title={{Nature of radio echo layering in the Antarctic ice sheet detected by a two-frequency experiment}},
  author={Fujita, Shuji and Maeno, Hideo and Uratsuka, Seiho and Furukawa, Teruo and Mae, Shinji and Fujii, Yoshiyuki and Watanabe, Okitsugu},
  journal={Journal of Geophysical Research: Solid Earth},
  volume={104},
  number={B6},
  pages={13013--13024},
  year={1999},
  publisher={Wiley Online Library}
}

@article{fujita2000,
  title={A summary of the complex dielectric permittivity of ice in the megahertz range and its applications for radar sounding of polar ice sheets},
  author={Fujita, Shuji and Matsuoka, Takeshi and Ishida, Toshihiro and Matsuoka, Kenichi and Mae, Shinji},
  journal={Physics of Ice Core Records},
  pages={185--212},
  year={2000},
  publisher={Hokkaido University Press}
}

%lapserate
@article{gary1989,
  title={{Observational results using the microwave temperature profiler during the airborne Antarctic ozone experiment}},
  author={Gary, Bruce L},
  journal={Journal of Geophysical Research: Atmospheres},
  volume={94},
  number={D9},
  pages={11223--11231},
  year={1989},
  publisher={Wiley Online Library}
}

@article{goff2014,
  title={{Instruments and Methods Conditional simulation of Thwaites Glacier (Antarctica) bed topography for flow models: incorporating inhomogeneous statistics and channelized morphology}},
  author={Goff, John A and Powell, Evelyn M and Young, Duncan A and Blankenship, Donald D},
  journal={Journal of Glaciology},
  volume={60},
  number={222},
  pages={635},
  year={2014}
}

@article{gelfand1992,
  title={{Bayesian analysis of constrained parameter and truncated data problems using Gibbs sampling}},
  author={Gelfand, Alan E and Smith, Adrian FM and Lee, Tai-Ming},
  journal={Journal of the American Statistical Association},
  volume={87},
  number={418},
  pages={523--532},
  year={1992},
  publisher={Taylor \& Francis Group}
}

@techreport{gimble2017,
author    = "Young, D. A. and Blankenship, D. D. and Kempf, S. D. and Quartini, E. and Muldoon, G. R. and Powell, E. M.",
title     = "{Ice thickness and related data over central Marie Byrd Land, West Antarctica Antarctica (GIMBLE.GR2HI2)}",
institution = "UTIG",
year      = "2017",
doi = {doi:10.15784/601001}
}

@ARTICLE{gow1968,
   author = {{Gow}, A.~J. and {Ueda}, H.~T. and {Garfield}, D.~E.},
    title = "{Antarctic Ice Sheet: Preliminary Results of First Core Hole to Bedrock}",
  journal = {Science},
     year = 1968,
    month = sep,
   volume = 161,
    pages = {1011-1013},
      doi = {10.1126/science.161.3845.1011},
   adsurl = {http://adsabs.harvard.edu/abs/1968Sci...161.1011G},
  adsnote = {Provided by the SAO/NASA Astrophysics Data System}
}

@article{gow1970,
  title={{Preliminary results of studies of ice cores from the 2164 m deep drill hole, Byrd Station, Antarctica}},
  author={Gow, Anthony J},
  journal={IAHS Publ},
  volume={86},
  pages={78--90},
  year={1970}
}

@inproceedings{gudmandsen1971,
  title={{Electromagnetic probing of ice}},
  author={Gudmandsen, P},
  booktitle={Electromagnetic probing in geophysics},
  volume={1},
  pages={321},
  year={1971}
}

@misc{gudmundsson2016,
title={{Basal slipperiness and englacial rate factor of the Antarctic Ice Sheet}},
author={Gudmundsson, G.~H.},
doi={10.5285/5987dbff-5028-4cd5-aab9-2a49081dec1},
url={http://ramadda.nerc-bas.ac.uk/repository/entry/show/?entryid=5987dbff-5028-4cd5-aab9-2a490d81dec1},
year={2016}
}

@article{gutowski2013,
  title={{Effect of modeled pre-industrial Greenland ice sheet surface mass balance bias on uncertainty in sea level rise projections in 2100}},
  author={Gutowski, Gail Ruth},
  year={2013}
}

@article{hall2013,
  title={{Variability in the surface temperature and melt extent of the Greenland ice sheet from MODIS}},
  author={Hall, Dorothy K and Comiso, Josefino C and DiGirolamo, Nicolo E and Shuman, Christopher A and Box, Jason E and Koenig, Lora S},
  journal={Geophysical Research Letters},
  year={2013},
  publisher={Wiley Online Library}
}

@ARTICLE{hammer1994,
   author = {{Hammer}, C.~U. and {Clausen}, H.~B. and {Langway}, Jr., C.~C.
	},
    title = "{Electrical conductivity method (ECM) stratigraphic dating of the Byrd Station ice core, Antarctica}",
  journal = {Annals of Glaciology},
     year = 1994,
   volume = 20,
    pages = {115-120},
   adsurl = {http://adsabs.harvard.edu/abs/1994AnGla..20..115H},
  adsnote = {Provided by the SAO/NASA Astrophysics Data System}
}

@article{hammer1997,
  title={{50,000 years of recorded global volcanism}},
  author={Hammer, C.U. and Clausen, H.B. and Langway, C.C.J.},
  journal={Climatic Change},
  volume={35},
  number={1},
  pages={1--15},
  year={1997},
  publisher={Springer}
}

@article{hastings1970,
  title={{Monte Carlo sampling methods using Markov chains and their applications}},
  author={Hastings, W Keith},
  journal={Biometrika},
  volume={57},
  number={1},
  pages={97--109},
  year={1970},
  publisher={Biometrika Trust}
}

@article{holland2010,
  title={Ice and ocean processes in the Bellingshausen Sea, Antarctica},
  author={Holland, Paul R and Jenkins, Adrian and Holland, David M},
  journal={Journal of Geophysical Research: Oceans},
  volume={115},
  number={C5},
  year={2010},
  publisher={Wiley Online Library}
}

@article{holschuh2014,
  title={{Evaluating Marie Byrd Land stability using an improved basal topography}},
  author={Holschuh, N and Pollard, D and Alley, RB and Anandakrishnan, S},
  journal={Earth and Planetary Science Letters},
  volume={408},
  pages={362--369},
  year={2014},
  publisher={Elsevier}
}

@ARTICLE{holt2006,
   author = {{Holt}, J.~W. and {Blankenship}, D.~D. and {Morse}, D.~L. and 
	{Young}, D.~A. and {Peters}, M.~E. and {Kempf}, S.~D. and {Richter}, T.~G. and 
	{Vaughan}, D.~G. and {Corr}, H.~F.~J.},
    title = "{New boundary conditions for the West Antarctic Ice Sheet: Subglacial topography of the Thwaites and Smith glacier catchments}",
  journal = {Geophysical Research Letters},
 keywords = {Cryosphere: Glaciers, Cryosphere: Ice sheets, Global Change: Cryospheric change (0776), Hydrology: Geomorphology: general (1625), Geographic Location: Antarctica (4207)},
     year = 2006,
    month = may,
   volume = 33,
      eid = {L09502},
    pages = {9502},
      doi = {10.1029/2005GL025561},
   adsurl = {http://adsabs.harvard.edu/abs/2006GeoRL..3309502H},
  adsnote = {Provided by the SAO/NASA Astrophysics Data System}
}

@article{ipcc2007,
  title={Climate change 2007: The physical science basis},
  author={IPCC},
  journal={Agenda},
  volume={6},
  pages={07},
  year={2007}
}

@article{isaac2015,
  title={{Scalable and efficient algorithms for the propagation of uncertainty from data through inference to prediction for large-scale problems, with application to flow of the Antarctic ice sheet}},
  author={Isaac, Tobin and Petra, Noemi and Stadler, Georg and Ghattas, Omar},
  journal={Journal of Computational Physics},
  volume={296},
  pages={348--368},
  year={2015},
  publisher={Elsevier}
}

@article{ISSM,
  title={Continental scale, high order, high spatial resolution, ice sheet modeling using the Ice Sheet System Model (ISSM)},
  author={Larour, E and Seroussi, H and Morlighem, M and Rignot, E},
  journal={Journal of Geophysical Research: Earth Surface},
  volume={117},
  number={F1},
  year={2012},
  publisher={Wiley Online Library}
}

@Article{jackson&huerta2016,
AUTHOR = {Jackson, C. S. and Huerta, G.},
TITLE = {{Empirical Bayes approach to climate model calibration}},
JOURNAL = {Geoscientific Model Development Discussions},
VOLUME = {2016},
YEAR = {2016},
PAGES = {1--19},
URL = {http://www.geosci-model-dev-discuss.net/gmd-2016-20/},
DOI = {10.5194/gmd-2016-20}
}

@article{jacobel1993,
  title={Interpretation of radar-detected internal layer folding in West Antarctic ice streams},
  author={Jacobel, Robert W and Gades, Anthony M and Gottschling, David L and Hodge, Steven M and Wright, David L},
  journal={Journal of Glaciology},
  volume={39},
  pages={528--537},
  year={1993}
}

@ARTICLE{joughin&alley2011,
   author = {{Joughin}, I. and {Alley}, R.~B.},
    title = "{Stability of the West Antarctic ice sheet in a warming world}",
  journal = {Nature Geoscience},
     year = 2011,
    month = aug,
   volume = 4,
    pages = {506-513},
      doi = {10.1038/ngeo1194},
   adsurl = {http://adsabs.harvard.edu/abs/2011NatGe...4..506J},
  adsnote = {Provided by the SAO/NASA Astrophysics Data System}
}

@article{joughin2014,
  title={{Marine Ice Sheet Collapse Potentially Under Way for the Thwaites Glacier Basin, West Antarctica}},
  author={Joughin, Ian and Smith, Benjamin E and Medley, Brooke},
  journal={Science},
  volume={344},
  number={6185},
  pages={735--738},
  year={2014},
  publisher={American Association for the Advancement of Science}
}

@article{jouzel2007,
  title={Orbital and millennial Antarctic climate variability over the past 800,000 years},
  author={Jouzel, Jean and Masson-Delmotte, Val{\'e}rie and Cattani, Olivier and Dreyfus, Gabrielle and Falourd, Sonia and Hoffmann, Georg and Minster, B{\'e}n{\'e}dicte and Nouet, J and Barnola, Jean-Marc and Chappellaz, J{\'e}r{\^o}me and others},
  journal={science},
  volume={317},
  number={5839},
  pages={793--796},
  year={2007},
  publisher={American Association for the Advancement of Science}
}

@article{justino2015,
  title={{The large-scale climate in response to the retreat of the West Antarctic Ice Sheet}},
  author={Justino, F and Silva, AS and Pereira, MP and Stordal, F and Lindemann, D and Kucharski, F},
  journal={Journal of Climate},
  volume={28},
  number={2},
  pages={637--650},
  year={2015}
}

@article{kopp2009,
  title={{Probabilistic assessment of sea level during the last interglacial stage}},
  author={Kopp, Robert E and Simons, Frederik J and Mitrovica, Jerry X and Maloof, Adam C and Oppenheimer, Michael},
  journal={Nature},
  volume={462},
  number={7275},
  pages={863--867},
  year={2009},
  publisher={Nature Publishing Group}
}

@article{koutnik2009,
  title={A method to infer past surface mass balance and topography from internal layers in martian polar layered deposits},
  author={Koutnik, Michelle R and Waddington, Edwin D and Winebrenner, Dale P},
  journal={Icarus},
  volume={204},
  number={2},
  pages={458--470},
  year={2009},
  publisher={Elsevier}
}

@misc{kreutz2011,
  title={{Microparticle, conductivity, and density measurements from the WAIS Divide deep ice core, Antarctica}},
  author={Kreutz, K and Koffman, B and Breton, D and Hamilton, G},
  year={2011},
  publisher={National Snow and Ice Data Center, Boulder, CO http://dx. doi. org/10.7265/N5K07264}
}

@ARTICLE{langway1994,
   author = {{Langway}, Jr., C.~C. and {Osada}, K. and {Clausen}, H.~B. and 
	{Hammer}, C.~U. and {Shoji}, H. and {Mitani}, A.},
    title = "{New chemical stratigraphy over the last millennium for Byrd Station, Antarctica}",
  journal = {Tellus Series B Chemical and Physical Meteorology B},
     year = 1994,
    month = feb,
   volume = 46,
    pages = {40},
      doi = {10.1034/j.1600-0889.1994.00004.x},
   adsurl = {http://adsabs.harvard.edu/abs/1994TellB..46...40L},
  adsnote = {Provided by the SAO/NASA Astrophysics Data System}
}

@article{leysinger2007,
  title={{Three-dimensional flow influences on radar layer stratigraphy}},
  author={Leysinger Vieli, GJ and Hindmarsh, RCA and Siegert, MJ},
  journal={Annals of Glaciology},
  volume={46},
  number={1},
  pages={22--28},
  year={2007},
  publisher={International Glaciological Society}
}

@inproceedings{leuro2007,
  title={Estimation of Accumulation Rates on the Catchment of Thwaites Glacier, West Antarctica},
  author={Leuro, E and Blankenship, D and Young, D},
  booktitle={AGU Fall Meeting Abstracts},
  volume={1},
  pages={0385},
  year={2007}
}

@article{leuro2014,
  tilte="{Millennial scale accumulation rates over the catchment of Thwaites Glacier, Antarctica}",
  author={Leuro E, and Young DA, and Gutowski GR, and Blankenship DD},
  journal={GRL},
  year={in review}
  }

@inproceedings{leuschen2000,
  title={{SAR processing of radar echo sounder data}},
  author={Leuschen, C and Gogineni, S and Tammana, D},
  booktitle={Geoscience and Remote Sensing Symposium, 2000. Proceedings. IGARSS 2000. IEEE 2000 International},
  volume={6},
  pages={2570--2572},
  year={2000},
  organization={IEEE}
}

@misc{leuschen2011,
  title={{IceBridge MCoRDS L1B Geolocated Radar Echo Strength Profiles,. Boulder, Colorado USA: NASA DAAC at the National Snow and Ice Data Center}},
  author={Leuschen, C and Allen, C},
  year={2011}
}

@article{lipscomb2012,
author = {Lipscomb, W.H. and W.J. Sacks},
title = "{The CESM Land Ice Model (CISM): Documentation and User’s Guide}",
year = 2012
}

@article{lipscomb2013,
  title={Implementation and initial evaluation of the Glimmer Community Ice Sheet Model in the Community Earth System Model},
  author={Lipscomb, William H and Fyke, Jeremy G and Vizca{\'\i}no, Miren and Sacks, William J and Wolfe, Jon and Vertenstein, Mariana and Craig, Anthony and Kluzek, Erik and Lawrence, David M},
  journal={Journal of Climate},
  number={2013},
  year={2013}
}

@ARTICLE{luyendyk2003,
   author = {{Luyendyk}, B.~P. and {Wilson}, D.~S. and {Siddoway}, C.~S.},
    title = "{Eastern margin of the Ross Sea Rift in western Marie Byrd Land, Antarctica: Crustal structure and tectonic devleopment}",
  journal = {Geochemistry Geophysics Geosystems},
     year = 2003,
   volume = 4,
      doi = {10.1029/2002GC000462.}
}

@article{maule2005,
  title={{Heat flux anomalies in Antarctica revealed by satellite magnetic data}},
  author={Maule, Cathrine Fox and Purucker, Michael E and Olsen, Nils and Mosegaard, Klaus},
  journal={Science},
  volume={309},
  number={5733},
  pages={464--467},
  year={2005},
  publisher={American Association for the Advancement of Science}
}

@article{macayeal1992,
  title={{Irregular oscillations of the West Antarctic ice sheet}},
  author={MacAyeal, Douglas R},
  journal={Nature},
  volume={359},
  number={6390},
  pages={29--32},
  year={1992}
}

@article{mcgee2013,
  title={{The magnitude, timing and abruptness of changes in North African dust deposition over the last 20,000 yr}},
  author={McGee, D and Winckler, Gisela and Stuut, JBW and Bradtmiller, LI and others},
  journal={Earth and Planetary Science Letters},
  volume={371},
  pages={163--176},
  year={2013},
  publisher={Elsevier}
}

@article{macgregor2013,
  title={{Weak bed control of the eastern shear margin of Thwaites Glacier, West Antarctica}},
  author={MacGregor, Joseph A and Catania, Ginny A and Conway, Howard and Schroeder, Dustin M and Joughin, Ian and Young, Duncan A and Kempf, Scott D and Blankenship, Donald D},
  journal={Journal of Glaciology},
  volume={59},
  number={217},
  pages={900--912},
  year={2013},
  publisher={International Glaciological Society}
}

@article{macgregor2015,
  title={{Radiostratigraphy and age structure of the Greenland Ice Sheet}},
  author={MacGregor, Joseph A and Fahnestock, Mark A and Catania, Ginny A and Paden, John D and Prasad Gogineni, S and Young, S Keith and Rybarski, Susan C and Mabrey, Alexandria N and Wagman, Benjamin M and Morlighem, Mathieu},
  journal={Journal of Geophysical Research: Earth Surface},
  volume={120},
  number={2},
  pages={212--241},
  year={2015},
  publisher={Wiley Online Library}
}

@article{mcgranahan2007,
author = {McGranahan, Gordon and Balk, Deborah and Anderson, Bridget}, 
title = "{The rising tide: assessing the risks of climate change and human settlements in low elevation coastal zones}", 
volume = 19, 
number = 1, 
pages = {17-37}, 
year = 2007, 
doi = {10.1177/0956247807076960}, 
URL = {http://eau.sagepub.com/content/19/1/17.abstract}, 
eprint = {http://eau.sagepub.com/content/19/1/17.full.pdf+html}, 
journal = {Environment and Urbanization} 
}

@article{mckay2011,
  title={{The role of ocean thermal expansion in Last Interglacial sea level rise}},
  author={McKay, Nicholas P and Overpeck, Jonathan T and Otto-Bliesner, Bette L},
  journal={Geophysical Research Letters},
  volume={38},
  number={14},
  year={2011},
  publisher={Wiley Online Library}
}

@article{medley2013,
  title={{Airborne-radar and ice-core observations of annual snow accumulation over Thwaites Glacier, West Antarctica confirm the spatiotemporal variability of global and regional atmospheric models}},
  author={Medley, Brooke and Joughin, Ian and Das, Sarah B and Steig, Eric J and Conway, Howard and Gogineni, S and Criscitiello, Alison S and McConnell, Joseph R and Smith, BE and Broeke, MR and others},
  journal={Geophysical Research Letters},
  volume={40},
  number={14},
  pages={3649--3654},
  year={2013},
  publisher={Wiley Online Library}
}

@article{meier2007,
  title={Glaciers dominate eustatic sea-level rise in the 21st century},
  author={Meier, M.F. and Dyurgerov, M.B. and Rick, U.K. and O'Neel, S. and Pfeffer, W.T. and Anderson, R.S. and Anderson, S.P. and Glazovsky, A.F.},
  journal={Science},
  volume={317},
  number={5841},
  pages={1064},
  year={2007},
  publisher={American Association for the Advancement of Science}
}

@article{metropolis1953,
   author = "Metropolis, Nicholas and Rosenbluth, Arianna W. and Rosenbluth, Marshall N. and Teller, Augusta H. and Teller, Edward",
   title = "Equation of State Calculations by Fast Computing Machines",
   journal = "The Journal of Chemical Physics",
   year = "1953",
   volume = "21",
   number = "6", 
   pages = "1087-1092",
   url = "http://scitation.aip.org/content/aip/journal/jcp/21/6/10.1063/1.1699114",
   doi = "http://dx.doi.org/10.1063/1.1699114" 
}

@article{millar1982,
  title={Acidity levels in ice sheets from radio echo-sounding},
  author={Millar, DHM},
  journal={Ann. Glaciol},
  volume={3},
  pages={199--203},
  year={1982}
}

@ARTICLE{morland2009,
   author = {{Morland}, L.~W.},
    title = "{Age-depth correlation, grain growth and dislocation-density evolution, for three ice cores}",
  journal = {Journal of Glaciology},
     year = 2009,
   volume = 55,
    pages = {345-352},
      doi = {10.3189/002214309788608723},
   adsurl = {http://adsabs.harvard.edu/abs/2009JGlac..55..345M},
  adsnote = {Provided by the SAO/NASA Astrophysics Data System}
}

@article{morlighem2013,
  title={{Inversion of basal friction in Antarctica using exact and incomplete adjoints of a higher-order model}},
  author={Morlighem, M and Seroussi, H and Larour, E and Rignot, E},
  journal={Journal of Geophysical Research: Earth Surface},
  volume={118},
  number={3},
  pages={1746--1753},
  year={2013},
  publisher={Wiley Online Library}
}

@article{morris1994,
  title={Snow surface temperatures in West Antarctica},
  author={Morris, EM and Vaughan, DG},
  journal={Antarctic Science},
  volume={6},
  number={4},
  pages={529--535},
  year={1994},
  publisher={Cambridge University Press}
}

@article{morse2002,
  title={{A site for deep ice coring in West Antarctica: results from aerogeophysical surveys and thermo-kinematic modeling}},
  author={Morse, David L and Blankenship, Donald D and Waddington, Edwin D and Neumann, Thomas A},
  journal={Annals of Glaciology},
  volume={35},
  number={1},
  pages={36--44},
  year={2002},
  publisher={International Glaciological Society}
}

@article{muldoonSub,
  title={Bayesian estimation of englacial radar chronology in Central West Antarctica},
  author={Muldoon, G.~R. and Jackson, C.~S. and Young, D.~A. and Blankenship, D.~.D.},
  journal={Dynamics and Statistics of the Climate System},
  year={submitted},
  publisher={Oxford Press}
}


@article{neale2010,
  title={Description of the NCAR community atmosphere model (CAM 5.0)},
  author={Neale, Richard B and Chen, CC and Gettelman, A and Lauritzen, PH and Park, S and Williamson, DL and Conley, AJ and Garcia, R and Kinnison, D and Lamarque, JF and others},
  journal={NCAR Tech. Note NCAR/TN-486+ STR},
  year={2010}
}

@ARTICLE{neftel1988,
   author = {{Neftel}, A. and {Oeschger}, H. and {Staffelbach}, T. and {Stauffer}, B.},
    title = "{CO$^{2}$ record in the Byrd ice core 50,000-5,000 years bp}",
  journal = {Nature},
     year = 1988,
    month = feb,
   volume = 331,
    pages = {609-611},
      doi = {10.1038/331609a0},
   adsurl = {http://adsabs.harvard.edu/abs/1988Natur.331..609N},
  adsnote = {Provided by the SAO/NASA Astrophysics Data System}
}

@ARTICLE{neumann2008,
   author = {{Neumann}, T.~A. and {Conway}, H. and {Price}, S.~F. and {Waddington}, E.~D. and 
	{Catania}, G.~A. and {Morse}, D.~L.},
    title = "{Holocene accumulation and ice sheet dynamics in central West Antarctica}",
  journal = {Journal of Geophysical Research (Earth Surface)},
 keywords = {Cryosphere: Glaciology (1621, 1827, 1863), Cryosphere: Ice sheets, Cryosphere: Modeling, Cryosphere: Dynamics, Cryosphere: Mass balance (1218, 1223)},
     year = 2008,
    month = may,
   volume = 113,
      eid = {F02018},
    pages = {2018},
      doi = {10.1029/2007JF000764},
   adsurl = {http://adsabs.harvard.edu/abs/2008JGRF..11302018N},
  adsnote = {Provided by the SAO/NASA Astrophysics Data System}
}

@article{nicholls2004,
  title={Benefits of mitigation of climate change for coastal areas},
  author={Nicholls, Robert J and Lowe, Jason A},
  journal={Global Environmental Change},
  volume={14},
  number={3},
  pages={229--244},
  year={2004},
  publisher={Elsevier}
}

@article{oleary2013,
  title={Ice sheet collapse following a prolonged period of stable sea level during the last interglacial},
  author={O'Leary, Michael J and Hearty, Paul J and Thompson, William G and Raymo, Maureen E and Mitrovica, Jerry X and Webster, Jody M},
  journal={Nature Geoscience},
  volume={6},
  number={9},
  pages={796--800},
  year={2013},
  publisher={Nature Research}
}

@article{oleson2010,
  title={Technical description of version 4.0 of the Community Land Model (CLM)},
  author={Oleson, Keith W and Lawrence, David M and Gordon, B and Flanner, Mark G and Kluzek, Erik and Peter, J and Levis, Samuel and Swenson, Sean C and Thornton, E and Feddema, Johannes and others},
  year={2010},
  publisher={Citeseer}
}

@article{ottobliesner2013,
  title={{How warm was the last interglacial? New model--data comparisons}},
  author={Otto-Bliesner, Bette L and Rosenbloom, Nan and Stone, Emma J and McKay, Nicholas P and Lunt, Daniel J and Brady, Esther C and Overpeck, Jonathan T},
  journal={Phil. Trans. R. Soc. A},
  volume={371},
  number={2001},
  pages={20130097},
  year={2013},
  publisher={The Royal Society}
}

@article{parizek2013,
  title={{Dynamic (in) stability of Thwaites Glacier, West Antarctica}},
  author={Parizek, BR and Christianson, K and Anandakrishnan, S and Alley, RB and Walker, RT and Edwards, RA and Wolfe, DS and Bertini, GT and Rinehart, SK and Bindschadler, RA and others},
  journal={Journal of Geophysical Research: Earth Surface},
  volume={118},
  number={2},
  pages={638--655},
  year={2013},
  publisher={Wiley Online Library}
}

@ARTICLE{parrenin2007,
   author = {{Parrenin}, F. and {Hindmarsh}, R.},
    title = "{Influence of a non-uniform velocity field on isochrone geometry along a steady flowline of an ice sheet}",
  journal = {Journal of Glaciology},
     year = 2007,
   volume = 53,
    pages = {612-622},
      doi = {10.3189/002214307784409298},
   adsurl = {http://adsabs.harvard.edu/abs/2007JGlac..53..612P},
  adsnote = {Provided by the SAO/NASA Astrophysics Data System}
}

@article{parrenin2017,
  title={{Is there 1.5 million-year old ice near Dome C, Antarctica}},
  author={Parrenin, Fr{\'e}d{\'e}ric and Cavitte, Marie GP and Blankenship, Donald D and Chappellaz, J{\'e}r{\^o}me and Fischer, Hubertus and Gagliardini, Olivier and Masson-Delmotte, Val{\'e}rie and Passalacqua, Olivier and Ritz, Catherine and Roberts, Jason and others},
  journal={The Cryosphere Discuss., https://doi. org/10.5194/tc-2017-69, in review},
  year={2017}
}

@misc{paterson1994,
  title={{The physics of glaciers, 480 pp}},
  author={Paterson, WSB},
  year={1994},
  publisher={Pergamon, New York}
}

@ARTICLE{peters2005,
   author = {{Peters}, M.~E. and {Blankenship}, D.~D. and {Morse}, D.~L.},
    title = "{Analysis techniques for coherent airborne radar sounding: Application to West Antarctic ice streams}",
  journal = {Journal of Geophysical Research (Solid Earth)},
 keywords = {Cryosphere: Ice shelves, Cryosphere: Ice streams, Cryosphere: Instruments and techniques, Electromagnetics: Inverse scattering, Electromagnetics: Instruments and techniques},
     year = 2005,
    month = jun,
   volume = 110,
      eid = {B06303},
    pages = {6303},
      doi = {10.1029/2004JB003222},
   adsurl = {http://adsabs.harvard.edu/abs/2005JGRB..11006303P},
  adsnote = {Provided by the SAO/NASA Astrophysics Data System}
}

@article{peters2007,
  title={{Along-track focusing of airborne radar sounding data from West Antarctica for improving basal reflection analysis and layer detection}},
  author={Peters, Matthew E and Blankenship, Donald D and Carter, Sasha P and Kempf, Scott D and Young, Duncan A and Holt, John W},
  journal={Geoscience and Remote Sensing, IEEE Transactions on},
  volume={45},
  number={9},
  pages={2725--2736},
  year={2007},
  publisher={IEEE}
}

@ARTICLE{petit1999,
   author = {{Petit}, J.~R. and {Jouzel}, J. and {Raynaud}, D. and {Barkov}, N.~I. and 
	{Barnola}, J.-M. and {Basile}, I. and {Bender}, M. and {Chappellaz}, J. and 
	{Davis}, M. and {Delaygue}, G. and {Delmotte}, M. and {Kotlyakov}, V.~M. and 
	{Legrand}, M. and {Lipenkov}, V.~Y. and {Lorius}, C. and {P{\'e}pin}, L. and 
	{Ritz}, C. and {Saltzman}, E. and {Stievenard}, M.},
    title = "{Climate and atmospheric history of the past 420,000 years from the Vostok ice core, Antarctica}",
  journal = {Nature},
     year = 1999,
    month = jun,
   volume = 399,
    pages = {429-436},
      doi = {10.1038/20859},
   adsurl = {http://adsabs.harvard.edu/abs/1999Natur.399..429P},
  adsnote = {Provided by the SAO/NASA Astrophysics Data System}
}

@article{petra2012,
  title={{An inexact Gauss--Newton method for inversion of basal sliding and rheology parameters in a nonlinear Stokes ice sheet model}},
  author={Petra, Noemi and Zhu, Hongyu and Stadler, Georg and Hughes, Thomas JR and Ghattas, Omar},
  journal={Journal of Glaciology},
  volume={58},
  number={211},
  pages={889--903},
  year={2012},
  publisher={International Glaciological Society}
}

@article {PISM,
  AUTHOR = {Winkelmann, R. and Martin, M. A. and Haseloff, M. and Albrecht, T.
            and Bueler, E. and Khroulev, C. and Levermann, A.},
   TITLE = {The {P}otsdam {P}arallel {I}ce {S}heet {M}odel ({PISM-PIK}) {P}art 1:
            {M}odel description},
 JOURNAL = {The Cryosphere},
  VOLUME = {5},
   PAGES = {715--726},
     DOI = {10.5194/tc-5-715-2011},
    YEAR = {2011},
}

@article{pollard2009,
author = {Pollard, David and DeConto, Robert M},
title = {{Modelling West Antarctic ice sheet growth and collapse through the past five million years}},
journal = {Nature},
year = {2009},
volume = {458},
number = {7236},
pages = {329--332},
month = mar
}

@article{pollard2015,
  title={{Potential Antarctic Ice Sheet retreat driven by hydrofracturing and ice cliff failure}},
  author={Pollard, David and DeConto, Robert M and Alley, Richard B},
  journal={Earth and Planetary Science Letters},
  volume={412},
  pages={112--121},
  year={2015},
  publisher={Elsevier}
}

@article{price2011,
  title={Committed sea-level rise for the next century from Greenland ice sheet dynamics during the past decade},
  author={Price, Stephen F and Payne, Antony J and Howat, Ian M and Smith, Benjamin E},
  journal={Proceedings of the National Academy of Sciences},
  volume={108},
  number={22},
  pages={8978--8983},
  year={2011},
  publisher={National Acad Sciences}
}

@article{price2015,
  title={{CISM 2.0. 0 Documentation}},
  author={Price, Stephen and Lipscomb, William and Hoffman, Matthew and Hagdorn, Magnus and Rutt, Ian and Payne, Tony and Hebeler, Felix and Kennedy, Joseph H},
  journal={Los Alamos National Laboratory},
  year={2015}
}

@article{pritchard2008,
  title={Neglecting ice-atmosphere interactions underestimates ice sheet melt in millennial-scale deglaciation simulations},
  author={Pritchard, Michael S and Bush, Andrew BG and Marshall, Shawn J},
  journal={Geophysical Research Letters},
  volume={35},
  number={1},
  year={2008},
  publisher={Wiley Online Library}
}

@article{pritchard2012,
  title={Antarctic ice-sheet loss driven by basal melting of ice shelves},
  author={Pritchard, HDx and Ligtenberg, SRM and Fricker, HA and Vaughan, DG and Van den Broeke, MR and Padman, L},
  journal={Nature},
  volume={484},
  number={7395},
  pages={502--505},
  year={2012},
  publisher={Nature Research}
}

@article{quiquet2013,
  title={{Greenland ice sheet contribution to sea level rise during the last interglacial period: a modelling study driven and constrained by ice core data}},
  author={Quiquet, A and Ritz, C and Punge, HJ and Salas y M{\'e}lia, D},
  journal={Climate of the Past},
  volume={9},
  number={1},
  pages={353--366},
  year={2013},
  publisher={Copernicus GmbH}
}

@article{rignot&jacobs2002,
  title={{Rapid bottom melting widespread near Antarctic ice sheet grounding lines}},
  author={Rignot, Eric and Jacobs, Stanley S},
  journal={Science},
  volume={296},
  number={5575},
  pages={2020--2023},
  year={2002},
  publisher={American Association for the Advancement of Science}
}

@article{rignot2008,
  title={{Recent Antarctic ice mass loss from radar interferometry and regional climate modelling}},
  author={Rignot, Eric and Bamber, Jonathan L and Van Den Broeke, Michiel R and Davis, Curt and Li, Yonghong and Van De Berg, Willem Jan and Van Meijgaard, Erik},
  journal={Nature geoscience},
  volume={1},
  number={2},
  pages={106--110},
  year={2008},
  publisher={Nature Publishing Group}
}

@article{rignot2011,
  title={{Ice flow of the Antarctic ice sheet}},
  author={Rignot, E and Mouginot, J and Scheuchl, B},
  journal={Science},
  volume={333},
  number={6048},
  pages={1427--1430},
  year={2011},
  publisher={American Association for the Advancement of Science}
}

@article{robin1969,
  title={Interpretation of radio echo sounding in polar ice sheets},
  author={Robin, G de Q and Evans, S and Bailey, Jeremy T},
  journal={Philosophical Transactions of the Royal Society of London A: Mathematical, Physical and Engineering Sciences},
  volume={265},
  number={1166},
  pages={437--505},
  year={1969},
  publisher={The Royal Society}
}

@article{robin1975,
  title={Velocity of radio waves in ice by means of a bore-hole interferometric technique},
  author={Robin, G de Q},
  journal={Journal of Glaciology},
  volume={15},
  number={73},
  pages={151--159},
  year={1975},
  publisher={Cambridge University Press}
}

@article{scherer1998,
  title={{Pleistocene collapse of the West Antarctic ice sheet}},
  author={Scherer, Reed P and Aldahan, Ala and Tulaczyk, Slawek and Possnert, G{\"o}ran and Engelhardt, Hermann and Kamb, Barclay},
  journal={Science},
  volume={281},
  number={5373},
  pages={82--85},
  year={1998},
  publisher={American Association for the Advancement of Science}
}

@article{schoof2006,
  title={A variational approach to ice stream flow},
  author={Schoof, Christian},
  journal={Journal of Fluid Mechanics},
  volume={556},
  pages={227--251},
  year={2006},
  publisher={Cambridge Univ Press}
}

@article{schoof2007,
  title={{Ice sheet grounding line dynamics: Steady states, stability, and hysteresis}},
  author={Schoof, Christian},
  journal={Journal of Geophysical Research: Earth Surface},
  volume={112},
  number={F3},
  year={2007},
  publisher={Wiley Online Library}
}

@article{schoof2010,
  title={Thin-film flows with wall slip: an asymptotic analysis of higher order glacier flow models},
  author={Schoof, Christian and Hindmarsh, Richard CA},
  journal={The Quarterly Journal of Mechanics \& Applied Mathematics},
  volume={63},
  number={1},
  pages={73--114},
  year={2010},
  publisher={Oxford University Press}
}

@ARTICLE{schramm2000,
   author = {{Schramm}, A. and {Stein}, M. and {Goldstein}, S.~L.},
    title = "{Calibration of the $^{14}$C time scale to > 40 ka by $^{234}$U-$^{230}$Th dating of Lake Lisan sediments (last glacial Dead Sea)}",
  journal = {Earth and Planetary Science Letters},
     year = 2000,
    month = jan,
   volume = 175,
    pages = {27-40},
      doi = {10.1016/S0012-821X(99)00279-4},
   adsurl = {http://adsabs.harvard.edu/abs/2000E%26PSL.175...27S},
  adsnote = {Provided by the SAO/NASA Astrophysics Data System}
}

@article{schroeder2014,
  title={{Evidence for elevated and spatially variable geothermal flux beneath the West Antarctic Ice Sheet}},
  author={Schroeder, Dustin M and Blankenship, Donald D and Young, Duncan A and Quartini, Enrica},
  journal={Proceedings of the National Academy of Sciences},
  volume={111},
  number={25},
  pages={9070--9072},
  year={2014},
  publisher={National Acad Sciences}
}

@ARTICLE{schwander2001,
   author = {{Schwander}, J. and {Jouzel}, J. and {Hammer}, C.~U. and {Petit}, J.-R. and 
	{Udisti}, R. and {Wolff}, E.},
    title = "{A tentative chronology for the EPICA Dome Concordia ice core}",
  journal = {Geophysical Research Letters},
 keywords = {Geochemistry: Geochronology, Hydrology: Glaciology, Hydrology: Snow and ice, Meteorology and Atmospheric Dynamics: Paleoclimatology},
     year = 2001,
    month = nov,
   volume = 28,
    pages = {4243-4246},
      doi = {10.1029/2000GL011981},
   adsurl = {http://adsabs.harvard.edu/abs/2001GeoRL..28.4243S},
  adsnote = {Provided by the SAO/NASA Astrophysics Data System}
}

@article{shanahan2015,
  title={{The time-transgressive termination of the African Humid Period}},
  author={Shanahan, Timothy M and McKay, Nicholas P and Hughen, Konrad A and Overpeck, Jonathan T and Otto-Bliesner, Bette and Heil, Clifford W and King, John and Scholz, Christopher A and Peck, John},
  journal={Nature Geoscience},
  volume={8},
  number={2},
  pages={140--144},
  year={2015},
  publisher={Nature Research}
}

@article{shapiro2004,
  title={Inferring surface heat flux distributions guided by a global seismic model: particular application to Antarctica},
  author={Shapiro, Nikolai M and Ritzwoller, Michael H},
  journal={Earth and Planetary Science Letters},
  volume={223},
  number={1},
  pages={213--224},
  year={2004},
  publisher={Elsevier}
}

@article{siegert1998,
  title={{Internal radio-echo layering at Vostok station, Antarctica, as an independent stratigraphic control on the ice-core record}},
  author={Siegert, Martin J and Hodgkinst, Richard and Dowdeswell, Julian A},
  journal={Annals of Glaciology},
  volume={27},
  number={1},
  pages={360--364},
  year={1998},
  publisher={International Glaciological Society}
}

@article{siegert2003,
  title={Evidence for a large surface ablation zone in central East Antarctica during the last Ice Age},
  author={Siegert, Martin J and Hindmarsh, Richard CA and Hamilton, Gordon S},
  journal={Quaternary Research},
  volume={59},
  number={1},
  pages={114--121},
  year={2003},
  publisher={Elsevier}
}

@article{siegert2004,
  title={{Ice flow direction change in interior West Antarctica}},
  author={Siegert, Martin J and Welch, Brian and Morse, David and Vieli, Andreas and Blankenship, Donald D and Joughin, Ian and King, Edward C and Gwendolyn, J-MC and Payne, Antony J and Jacobel, Robert},
  journal={Science},
  volume={305},
  number={5692},
  pages={1948--1951},
  year={2004},
  publisher={American Association for the Advancement of Science}
}

@article{sime2011,
  title={Instruments and methods automated processing to derive dip angles of englacial radar reflectors in ice sheets},
  author={Sime, Louise C and Hindmarsh, Richard CA and Corr, Hugh},
  journal={Journal of Glaciology},
  volume={57},
  number={202},
  pages={260--266},
  year={2011},
  publisher={International Glaciological Society}
}

@article{steig2015,
  title={Influence of West Antarctic Ice Sheet collapse on Antarctic surface climate},
  author={Steig, Eric J and Huybers, Kathleen and Singh, Hansi A and Steiger, Nathan J and Ding, Qinghua and Frierson, Dargan MW and Popp, Trevor and White, James WC},
  journal={Geophysical Research Letters},
  volume={42},
  number={12},
  pages={4862--4868},
  year={2015},
  publisher={Wiley Online Library}
}

@article{stone2003,
  title={Holocene deglaciation of Marie Byrd land, west Antarctica},
  author={Stone, John O and Balco, Gregory A and Sugden, David E and Caffee, Marc W and Sass, Louis C and Cowdery, Seth G and Siddoway, Christine},
  journal={Science},
  volume={299},
  number={5603},
  pages={99--102},
  year={2003},
  publisher={American Association for the Advancement of Science}
}

@article{stone2013,
  title={Quantification of the Greenland ice sheet contribution to Last Interglacial sea level rise},
  author={Stone, EJ and Lunt, DJ and Annan, JD and Hargreaves, JC},
  journal={Climate of the Past},
  volume={9},
  number={2},
  pages={621--639},
  year={2013},
  publisher={Copernicus GmbH}
  }

@article{thorsteinsson2002,
  title={Folding in strongly anisotropic layers near ice-sheet centers},
  author={Thorsteinsson, Throstur and Waddington, Edwin D},
  journal={Annals of Glaciology},
  volume={35},
  number={1},
  pages={480--486},
  year={2002},
  publisher={International Glaciological Society}
}

@ARTICLE{thorsteinsson2003,
   author = {{Thorsteinsson}, T. and {Raymond}, C.~F. and {Gudmundsson}, G.~H. and 
	{Bindschadler}, R.~A. and {Vornberger}, P. and {Joughin}, I.
	},
    title = "{Bed topography and lubrication inferred from surface measurements on fast-flowing ice streams}",
  journal = {Journal of Glaciology},
     year = 2003,
   volume = 49,
    pages = {481-490},
      doi = {10.3189/172756503781830502},
   adsurl = {http://adsabs.harvard.edu/abs/2003JGlac..49..481T},
  adsnote = {Provided by the SAO/NASA Astrophysics Data System}
}

@article{tierney2013,
  title={{Abrupt shifts in Horn of Africa hydroclimate since the Last Glacial Maximum}},
  author={Tierney, Jessica E and others},
  journal={Science},
  volume={342},
  number={6160},
  pages={843--846},
  year={2013},
  publisher={American Association for the Advancement of Science}
}

@article{turner2017,
  title={{Atmosphere-ocean-ice interactions in the Amundsen Sea Embayment, West Antarctica}},
  author={Turner, John and Orr, Andrew and Gudmundsson, G Hilmar and Jenkins, Adrian and Bingham, Robert G and Hillenbrand, Claus-Dieter and Bracegirdle, Thomas J},
  journal={Reviews of Geophysics},
  volume={55},
  number={1},
  pages={235--276},
  year={2017},
  publisher={Wiley Online Library}
}

@article{turney2010,
  title={Does the Agulhas Current amplify global temperatures during super-interglacials?},
  author={Turney, Chris SM and Jones, Richard T},
  journal={Journal of Quaternary Science},
  volume={25},
  number={6},
  pages={839--843},
  year={2010},
  publisher={Wiley Online Library}
}

@article{unep2008,
  title={Global glacier changes: facts and figures},
  author={ World Glacier Monitoring Service, United Nations Environment Program},
  journal={Geneva: uNEP/WGMS},
  year={2008}
}

@article{vandeberg2006,
  title={Reassessment of the Antarctic surface mass balance using calibrated output of a regional atmospheric climate model},
  author={Van de Berg, WJ and Van den Broeke, MR and Reijmer, CH and Van Meijgaard, E},
  journal={Journal of Geophysical Research: Atmospheres (1984--2012)},
  volume={111},
  number={D11},
  year={2006},
  publisher={Wiley Online Library}
}

@article{vandenbroeke2006,
  title={Snowfall in coastal West Antarctica much greater than previously assumed},
  author={Van den Broeke, Michiel and Van de Berg, Willem Jan and Van Meijgaard, Erik},
  journal={Geophysical Research Letters},
  volume={33},
  number={2},
  year={2006},
  publisher={Wiley Online Library}
}

@ARTICLE{vaughn2004,
   author = {{Vaughan}, D.~G. and {Anderson}, P.~S. and {King}, J.~C. and 
  {Mann}, G.~W. and {Mobbs}, S.~D. and {Ladkin}, R.~S.},
    title = "{Imaging of firn isochrones across an Antarctic ice rise and implications for patterns of snow accumulation rate}",
  journal = {Journal of Glaciology},
     year = 2004,
   volume = 50,
    pages = {413-418},
      doi = {10.3189/172756504781829882},
   adsurl = {http://adsabs.harvard.edu/abs/2004JGlac..50..413V},
  adsnote = {Provided by the SAO/NASA Astrophysics Data System}
}

@article{vizcaino2013,
  title={Greenland Surface Mass Balance as Simulated by the Community Earth System Model. Part I: Model Evaluation and 1850-2005 Results.},
  author={Vizca{\'\i}no, Miren and Lipscomb, William H and Sacks, William J and van Angelen, Jan H and Wouters, Bert and van den Broeke, Michiel R},
  journal={Journal of Climate},
  volume={26},
  number={20},
  year={2013}
}

@article{waddington2001,
  title={Potential for stratigraphic folding near ice-sheet centers},
  author={Waddington, Edwin D and Bolzan, John F and Alley, Richard B},
  journal={Journal of Glaciology},
  volume={47},
  number={159},
  pages={639--648},
  year={2001},
  publisher={International Glaciological Society}
}

@article{weertman1976,
  title={Sliding-no sliding zone effect and age determination of ice cores},
  author={Weertman, Johannes},
  journal={Quaternary Research},
  volume={6},
  number={2},
  pages={203--207},
  year={1976},
  publisher={Elsevier}
}

@article{winsborrow2010,
  title={What controls the location of ice streams?},
  author={Winsborrow, Monica and Clark, Chris D and Stokes, Chris R},
  journal={Earth-Science Reviews},
  volume={103},
  number={1},
  pages={45--59},
  year={2010},
  publisher={Elsevier}
}

@article{young2011,
  title={{A dynamic early East Antarctic Ice Sheet suggested by ice-covered fjord landscapes}},
  author={Young, Duncan A and Wright, Andrew P and Roberts, Jason L and Warner, Roland C and Young, Neal W and Greenbaum, Jamin S and Schroeder, Dustin M and Holt, John W and Sugden, David E and Blankenship, Donald D and others},
  journal={Nature},
  volume={474},
  number={7349},
  pages={72--75},
  year={2011},
  publisher={Nature Research}
}

@ARTICLE{young2012,
   author = {{Young}, D.~A. and {Blankenship}, D.~D. and {Holt}, J.~W. },
    title = "{GIMBLE: Geophysical Investigations of Marie Byrd Land Evolution: a new airborne survey of the linchpin of the West Antarctic}",
  journal = {WAIS Workshop 2012},
     year = {2012}
}

@article{young2016,
  title={{The distribution of basal water between Antarctic subglacial lakes from radar sounding}},
  author={Young, Duncan A and Schroeder, DM and Blankenship, DD and Kempf, Scott D and Quartini, E},
  journal={Phil. Trans. R. Soc. A},
  volume={374},
  number={2059},
  pages={20140297},
  year={2016},
  publisher={The Royal Society}
}

@article{zhu2016,
  title={{Inversion of geothermal heat flux in a thermomechanically coupled nonlinear Stokes ice sheet model}},
  author={Zhu, Hongyu and Petra, Noemi and Stadler, Georg and Isaac, Tobin and Hughes, Thomas JR and Ghattas, Omar},
  journal={The Cryosphere},
  volume={10},
  number={4},
  pages={1477--1494},
  year={2016},
  publisher={Copernicus GmbH}
}

@article{zwally2012,
  title={Antarctic and Greenland drainage systems},
  author={Zwally, H Jay and Giovinetto, Mario B and Beckley, Matthew A and Saba, Jack L},
  journal={GSFC Cryospheric Sciences Laboratory},
  year={2012}
}